<?xml version="1.0" encoding="UTF-8"?><collection xmlns="http://www.loc.gov/MARC21/slim"><record><leader>00621nam--2200181-i-4500</leader><controlfield tag="001">000019637</controlfield><controlfield tag="002">20161230</controlfield><controlfield tag="005">20161230201033</controlfield><controlfield tag="008">060222s1000------------r-----000-0-fre-d</controlfield><datafield ind1=" " ind2=" " tag="040"><subfield code="a">IFIN-HH</subfield></datafield><datafield ind1=" " ind2=" " tag="041"><subfield code="a">fre</subfield></datafield><datafield ind1=" " ind2=" " tag="080"><subfield code="a">539.142:539.165.2:539.166.2(043)</subfield></datafield><datafield ind1="1" ind2=" " tag="100"><subfield code="a">Fellah, Mohamed</subfield></datafield><datafield ind1="1" ind2="0" tag="245"><subfield code="a">Influence de la fluctuation du nombre de nucleons dans la theorie bcs sur les transitions gamma et betta dans les noyaux de la region des terres rares</subfield><subfield code="b">These</subfield><subfield code="c">Mohamed fellah</subfield></datafield><datafield ind1=" " ind2=" " tag="260"><subfield code="a">Alger</subfield><subfield code="b">Universite Des Sciences Et Techniques</subfield><subfield code="c">1975</subfield></datafield><datafield ind1=" " ind2=" " tag="300"><subfield code="a">191 P</subfield></datafield><datafield ind1=" " ind2=" " tag="852"><subfield code="a">44124</subfield><subfield code="c">539.14</subfield></datafield><datafield ind1=" " ind2=" " tag="CAT"><subfield code="a">Sys</subfield><subfield code="c">20120403</subfield><subfield code="h">132421</subfield></datafield></record></collection>